@article{zhang2023sok,
  title="{SoK: Security of Cross-chain Bridges: Attack Surfaces, Defenses, and Open Problems}",
  author={Zhang, Mengya and Zhang, Xiaokuan and Barbee, Josh and Zhang, Yinqian and Lin, Zhiqiang},
  journal={arXiv preprint arXiv:2312.12573},
  month = dec,
  year={2023}
}

@inproceedings{lee2023sok,
  title="{SoK: Not Quite Water Under the Bridge: Review of Cross-Chain Bridge Hacks}",
  author={Lee, Sung-Shine and Murashkin, Alexandr and Derka, Martin and Gorzny, Jan},
  booktitle={Proceedings of the 2023 IEEE International Conference on Blockchain and Cryptocurrency (ICBC)},
  pages={1--14},
  year={2023},
  month = may,
  organization={IEEE}
}

@article{zhao2023comprehensive,
  title="{A Comprehensive Overview of Security Vulnerability Penetration Methods in Blockchain Cross-Chain Bridges}",
  author={Zhao, Qianrui and Wang, Yinan and Yang, Bo and Shang, Ke and Sun, Maozeng and Wang, Haijun and Yang, Zijiang and Xin, Haojie},
  journal={Authorea Preprints},
  month = oct,
  year={2023},
  publisher={Authorea}
}

@inproceedings{zhang2022xscope,
  title="{Xscope: Hunting for Cross-Chain Bridge Attacks}",
  author={Zhang, Jiashuo and Gao, Jianbo and Li, Yue and Chen, Ziming and Guan, Zhi and Chen, Zhong},
  booktitle={Proceedings of the 37th IEEE/ACM International Conference on Automated Software Engineering (ASE)},
  pages={1--4},
  year={2022},
  month = oct,
}


@misc{wormhole,
author = {},
title = {Wormhole Bridge},
howpublished = {\url{https://wormhole.com}},
month = {03},
year = {2024},
note = {Accessed 2024-08-28}
}

@online{lockandmint,
author = {},
title = {How Bridges Bridge: Exploring the Mechanics \& Potential of Lock and Mint Bridges},
url = {https://medium.com/@alexanazodo/how-bridges-bridge-exploring-the-mechanics-potential-of-lock-and-mint-bridges-4b7e2361d52a},
month = {03},
year = {2024},
urldate = {03/23/2024}
}

@misc{wormholeattack,
author = {CertiK},
title = "{Wormhole Bridge Exploit Incident Analysis}",
howpublished = {\url{https://www.certik.com/resources/blog/1kDYgyBcisoD2EqiBpHE5l-wormhole-bridge-} \url{exploit-incident-analysis}},
month = jul,
year = {2022},
}

@online{nomad,
author = {},
title = {Nomad | Bridge},
url = {https://app.nomad.xyz/},
month = {03},
year = {2024},
urldate = {03/23/2024}
}

@online{nomadattack,
author = {},
title = {Decentralized Robbery: Dissecting the Nomad Bridge Hack and Following the Money | Mandiant},
url = {https://www.mandiant.com/resources/blog/dissecting-nomad-bridge-hack},
month = {03},
year = {2024},
urldate = {03/23/2024}
}


@online{ronin,
author = {},
title = {Bridge | Ronin App},
url = {https://app.roninchain.com/},
month = {03},
year = {2024},
urldate = {03/23/2024}
}

@misc{roninattack,
author = {Andrew Thurman},
title = "{Axie Infinity's Ronin Network Suffers \$625M Exploit}",
howpublished = {\url{https://www.coindesk.com/tech/2022/03/29/axie-infinitys-ronin-} \url{network-suffers-625m-exploit/}},
month = mar,
year = {2022},
}

@article{wu2023etherheists,
  title={Towards Understanding Asset Flows in Crypto Money Laundering Through the Lenses of Ethereum Heists},
  author={Wu, Jiajing and Lin, Dan and Fu, Qishuang and Yang, Shuo and Chen, Ting and Zheng, Zibin and Song, Bowen},
  journal={IEEE Transactions on Information Forensics and Security},
  volume = 19,
  year={2023},
  month = dec,
  publisher={IEEE}
}


@misc{GithubBridgeBugTracker,
author = {0xDatapunk},
title = {GitHub -- 0xDatapunk/Bridge-Bug-Tracker},
howpublished = {\url{https://github.com/0xDatapunk/Bridge-Bug-} \url{Tracker}},
month = {},
year = {},
note = {Accessed 2024-08-28}
}

@misc{SlowMistHackedBridges:online,
key = {SlowMist},
title = "{SlowMist Hacked -- SlowMist Zone}",
howpublished = {\url{https://hacked.slowmist.io/?c=Bridge}},
month = {},
year = {},
note = {Accessed 2024-08-28}
}

@misc{REKTDB:online,
key = {defi},
title = "{De.Fi REKT Database}",
howpublished = {\url{https://de.fi/rekt-} \url{database}},
month = {},
year = {},
note = {Accessed 2024-08-28}
}

@misc{Web3Great:online,
author = {Molly White},
title = "{Web3 is Going Just Great}",
howpublished = {\url{https://www.web3isgoinggreat.com/charts/top}},
month = {},
year = {},
note = {Accessed 2024-08-28}
}

@misc{GithubBridgeHacks2:online,
author = {Chris Whinfrey},
title = "{Bridge Hack List -- GitHub}",
howpublished = {\url{https://gist.github.com/cwhinfrey/9fd1bbc31bbcff08fca242b90c7f875d}},
month = {},
year = {},
note = {Accessed 2024-07-02}
}



%%% Related Work %%%


@misc{Nomad-hack-960online,
author = {Nomad},
title = "{Nomad on X}",
howpublished = {\url{https://x.com/nomadxyz_/status/1557086705756213248?s=20&t=2hj_AtsyOWhiK_ItHRS40w}},
month = aug,
year = {2022},
}

@misc{Finality:online,
author = {Georgios Konstantopoulos and Vitalik Buterin},
title = "{Ethereum Reorgs After The Merge}",
howpublished = {\url{https://www.paradigm.xyz/2021/07/ethereum-reorgs-after-} \url{the-merge}},
month = jul,
year = 2021,
}

@misc{defillama-volume,
author = {DefiLlama},
title = "{Bridge Volume}",
howpublished = {\url{https://defillama.com/bridges}},
note = {Accessed 2024-08-28},
}







@inproceedings{mclaughlin2023large,
  title="{A Large Scale Study of the Ethereum Arbitrage Ecosystem}",
  author={McLaughlin, Robert and Kruegel, Christopher and Vigna, Giovanni},
  booktitle={Proceedings of the 32nd USENIX Security Symposium (USENIX Security)},
  pages={3295--3312},
  year={2023},
  month = aug,
  organization = {USENIX},
}


@inproceedings{qin2022quantifying,
  title="{Quantifying Blockchain Extractable Value: How dark is the forest?}",
  author={Qin, Kaihua and Zhou, Liyi and Gervais, Arthur},
  booktitle={Proceedings of the 2022 IEEE Symposium on Security and Privacy (S\&P)},
  pages={198--214},
  year={2022},
  month = may,
  organization={IEEE}
}


@inproceedings{zhou2021high,
  title="{High-Frequency Trading on Decentralized On-Chain Exchanges}",
  author={Zhou, Liyi and Qin, Kaihua and Torres, Christof Ferreira and Le, Duc V and Gervais, Arthur},
  booktitle={Proceedings of the 2021 IEEE Symposium on Security and Privacy (S\&P)},
  pages={428--445},
  year={2021},
  month = may,
  organization={IEEE}
}


@inproceedings{zhang2020txspector,
  title="{TxSpector: Uncovering Attacks in Ethereum from Transactions}",
  author={Zhang, Mengya and Zhang, Xiaokuan and Zhang, Yinqian and Lin, Zhiqiang},
  booktitle={Proceedings of the 29th USENIX Security Symposium (USENIX Security)},
  pages={2775--2792},
  year={2020},
  month = aug,
}


@article{wu2021defiranger,
  title="{DeFiRanger: Detecting DeFi Price Manipulation Attacks}",
  author={Wu, Siwei and Yu, Zhou and Wang, Dabao and Zhou, Yajin and Wu, Lei and Wang, Haoyu and Yuan, Xingliang},
  journal={IEEE Transactions on Dependable and Secure Computing},
  year={2024},
  month = "July/August",
  volume = 21,
  number = 4,
  pages = "4147-4161",
}
 and He, Qinming and Ren, Kui

@inproceedings{ferreira2021eye,
  title="{The Eye of Horus: Spotting and Analyzing Attacks on Ethereum Smart Contracts}",
  author={Ferreira Torres, Christof and Iannillo, Antonio Ken and Gervais, Arthur and State, Radu},
  booktitle={Proceedings of the 25th International Conference on Financial Cryptography and Data Security (FC)},
  pages={33--52},
  year={2021},
  month = mar,
  organization={Springer}
}


@inproceedings{daian2020flash,
  title="{Flash boys 2.0: Frontrunning in Decentralized Exchanges, Miner Extractable Value, and Consensus Instability}",
  author={Daian, Philip and Goldfeder, Steven and Kell, Tyler and Li, Yunqi and Zhao, Xueyuan and Bentov, Iddo and Breidenbach, Lorenz and Juels, Ari},
  booktitle={Proceedings of the 2020 IEEE Symposium on Security and Privacy (S\&P)},
  pages={910--927},
  year={2020},
  month = may,
  organization={IEEE}
}


@inproceedings{zhang2023your,
  title={Your exploit is mine: instantly synthesizing counterattack smart contract},
  author={Zhang, Zhuo and Lin, Zhiqiang and Morales, Marcelo and Zhang, Xiangyu and Zhang, Kaiyuan},
  booktitle={32nd USENIX Security Symposium (USENIX Security 23)},
  pages={1757--1774},
  year={2023}
}


@article{grossman2017online,
  title="{Online Detection of Effectively Callback Free Objects with Applications to Smart Contracts}",
  author={Grossman, Shelly and Abraham, Ittai and Golan-Gueta, Guy and Michalevsky, Yan and Rinetzky, Noam and Sagiv, Mooly and Zohar, Yoni},
  journal={Proceedings of the ACM on Programming Languages},
  volume={2},
  number={POPL},
  pages={1--28},
  year={2018},
  publisher={ACM}
}

@inproceedings{perez2021smart,
  title="{Smart Contract Vulnerabilities: Vulnerable Does Not Imply Exploited}",
  author={Perez, Daniel and Livshits, Benjamin},
  booktitle={Proceedings of the 30th USENIX Security Symposium (USENIX Security)},
  pages={1325--1341},
  year={2021},
  month = aug,
}


@inproceedings{xie2022zkbridge,
  title="{zkBridge: Trustless Cross-chain Bridges Made Practical}",
  author={Xie, Tiancheng and Zhang, Jiaheng and Cheng, Zerui and Zhang, Fan and Zhang, Yupeng and Jia, Yongzheng and Boneh, Dan and Song, Dawn},
  booktitle={Proceedings of the 2022 ACM SIGSAC Conference on Computer and Communications Security (CCS)},
  pages={3003--3017},
  year={2022},
  month = nov,
}

@article{lan2021horizon,
  title="{Horizon: A Gas-Efficient, Trustless Bridge for Cross-Chain Transactions}",
  author={Lan, Rongjian and Upadhyaya, Ganesha and Tse, Stephen and Zamani, Mahdi},
  journal={arXiv preprint arXiv:2101.06000},
  year={2021},
  month = jan,
}


@inproceedings{li2022polybridge,
  title="{POLYBRIDGE: A Crosschain Bridge for Heterogeneous Blockchains}",
  author={Li, Yue and Liu, Han and Tan, Yuan},
  booktitle={2022 IEEE International Conference on Blockchain and Cryptocurrency (ICBC)},
  pages={1--2},
  year={2022},
  month = may,
  organization={IEEE}
}


@article{rodler2018sereum,
  title="{Sereum: Protecting Existing Smart Contracts Against Re-Entrancy Attacks}",
  author={Rodler, Michael and Li, Wenting and Karame, Ghassan O and Davi, Lucas},
  journal={arXiv preprint arXiv:1812.05934},
  year={2018},
  month = dec,
}


@inproceedings{huang2024seamlessly,
  title="{Seamlessly Transferring Assets through Layer-0 Bridges: An Empirical Analysis of Stargate Bridge's Architecture and Dynamics}",
  author={Huang, Chuanshan and Yan, Tao and Tessone, Claudio J},
  booktitle={Proceedings of the 2024 Web Conference},
  pages={1776--1784},
  year={2024},
  month = may,
}


@article{belchior2023hephaestus,
  title="{Hephaestus: Modeling, Analysis, and Performance Evaluation of Cross-Chain Transactions}",
  author={Belchior, Rafael and Somogyvari, Peter and Pfannschmidt, Jonas and Vasconcelos, Andr{\'e} and Correia, Miguel},
  journal={IEEE Transactions on Reliability},
  month = jun,
  volume = {73},
  number = {2},
  year={2023},
  publisher={IEEE},
  pages = {1132-1146},
}


@article{notland2024sok,
  title="{SoK: Cross-Chain Bridging Architectural Design Flaws and Mitigations}",
  author={Notland, Jakob Svennevik and Li, Jinguye and Nowostawski, Mariusz and Haro, Peter Halland},
  journal={arXiv preprint arXiv:2403.00405},
  year={2024},
  month = mar,
}




@inproceedings{tran2024chainsniper,
  title="{ChainSniper: A Machine Learning Approach for Auditing Cross-Chain Smart Contracts}",
  author={Tran, Tuan-Dung and Vo, Kiet Anh and Phan, Duy The and Tan, Cam Nguyen and Pham, Van-Hau},
  booktitle={Proceedings of the 9th International Conference on Intelligent Information Technology (ICIIT)},
  pages={223--230},
  year={2024},
  month = feb,
}


@inproceedings{lin2024detecting,
  title="{Detecting Fake Deposit Attacks on Cross-chain Bridges from a Network Perspective}",
  author={Lin, Kaixin and Lin, Dan and Zheng, Ziye and Tan, Yixiang and Wu, Jiajing},
  booktitle={Proceedings of the 2024 IEEE International Symposium on Circuits and Systems (ISCAS)},
  pages={1--5},
  year={2024},
  month = may,
  organization={IEEE}
}


@inproceedings{wang2024xguard,
  title="{XGuard: Detecting Inconsistency Behaviors of Crosschain Bridges}",
  author={Wang, Ke and Li, Yue and Wang, Che and Gao, Jianbo and Guan, Zhi and Chen, Zhong},
  booktitle={Proceedings of the 32nd ACM International Conference on the Foundations of Software Engineering (FSE)},
  pages={612--616},
  year={2024},
  month = jul,
}


@article{liao2024smartaxe,
  title="{SmartAxe: Detecting Cross-Chain Vulnerabilities in Bridge Smart Contracts via Fine-Grained Static Analysis}",
  author={Liao, Zeqin and Nan, Yuhong and Liang, Henglong and Hao, Sicheng and Zhai, Juan and Wu, Jiajing and Zheng, Zibin},
  journal={Proceedings of the ACM on Software Engineering},
  volume={1},
  number={FSE},
  pages={249--270},
  year={2024},
  month = jul,
  publisher={ACM}
}



@misc{nomad-groundtruth-github:online,
author = {Nomad},
title = "{Nomad Hack Data -- Github}",
howpublished = {\url{https://github.com/nomad-xyz/hack-data}},
note = {Accessed 2024-09-04}
}
month = {09},
year = {2024},

@misc{meter-groundtruth-tencent:online,
author = {PANews},
title = "{Another cross-chain bridge project was attacked, and Meter.io lost \$4.2 million}",
howpublished = {\url{https://new-qq-com.translate.goog/rain/a/20220206A05XNI00?_x_tr_sl=zh-CN&_x_tr_tl=en&_x_tr_hl=en&_x_tr_pto=sc}},
note = {Accessed 2024-09-04}
}

@misc{chainswap-groundtruth:online,
author = {Liquid},
title = "{ChainSwap -- GitHub}",
howpublished = {\url{https://github.com/liqtags/crypto-rekts/blob/main/rekts/} \url{ChainSwap-2.md}},
note = {Accessed 2024-09-04}
}

@misc{qubit:rekt,
author = {rekt},
title = "{Qubit Finance -- REKT}",
howpublished = {\url{https://rekt.news/qubit-rekt/}},
month = {},
year = {},
note = {Accessed 2024-09-04}
}

@misc{anyswapattack,
  title = {Multichain Hack Worsens as Loss of Funds Reaches {\textdollar 3M}: Report},
  author = {{CoinDesk}},
  year = {2022},
  url = {\url{https://www.coindesk.com/business/2022/01/20/multichain-hack-worsens-as-loss-of-funds-reaches-3m-report/}},
  note = {Accessed: 2024-09-04}
}

@online{binanceproof:online,
author = {emiliano},
title = {emiliano on X: they used a proof from one of the very first cross chain tx},
url = {https://x.com/emilianobonassi/status/1578742891538567169},
month = {09},
year = {2024},
urldate = {09/04/2024}
}

@inproceedings{ho2021hopper,
  title={Hopper: Modeling and detecting lateral movement},
  author={Ho, Grant and Dhiman, Mayank and Akhawe, Devdatta and Paxson, Vern and Savage, Stefan and Voelker, Geoffrey M and Wagner, David},
  booktitle={30th USENIX Security Symposium (USENIX Security 21)},
  pages={3093--3110},
  year={2021}
}


@online{pNetworkhack:online,
author = {pNetwork Team},
title = {pNetwork Post Mortem: pBTC-on-BSC Exploit},
howpublished = {\url{https://medium.com/pnetwork/pnetwork-post-mortem-pbtc-on-bsc-exploit-170890c58d5f}},
month = {11},
year = {2024},
urldate = {11/13/2024}
}

@online{Thorhack1:online,
author = {THORChain},
title = {Post-mortem: ETH Router Exploits 1 \& 2, and premature Return To Trading Incident},
howpublished = {\url{https://medium.com/thorchain/post-mortem-eth-router-exploits-1-2-and-premature-return-to-trading-incident-2908928c5fb}},
month = {11},
year = {2024},
urldate = {11/13/2024}
}

@online{Thorhack2:online,
author = {THORChain},
title = {THORChain Incident 07.15},
howpublished = {\url{https://thearchitect.notion.site/THORChain-Incident-07-15-7d205f91924e44a5b6499b6df5f6c210}},
month = {11},
year = {2024},
urldate = {11/13/2024}
}

@online{evoDefihack:online,
author = {Tom Carreras and Mike Dalton},
title = {EVODeFi Bridge May Be Missing \$66M in Funds},
howpublished = {\url{https://cryptobriefing.com/oasis-evodefi-bridge-may-be-missing-66m-in-funds/}},
month = {11},
year = {2024},
urldate = {11/13/2024}
}

@online{Multichainhack:online,
author = {Multichain},
title = {Multichain (Previously Anyswap) on X},
howpublished = {\url{https://x.com/multichainorg/status/1677096839731097600}},
month = {11},
year = {2024},
urldate = {11/13/2024}
}

@online{Hexagate75:online,
author = {Hexagate},
title = {Hexagate},
howpublished = {\url{https://www.hexagate.com/real-time-prevention}},
month = {11},
year = {2024},
urldate = {11/13/2024}
}

@online{Hypernative:online,
author = {Hypernative},
title = {Hypernative: Web3 Security for Chains},
howpublished = {\url{https://www.hypernative.io/solutions/chains}},
month = {11},
year = {2024},
urldate = {11/13/2024}
}

@online{CertiKWh86:online,
author = {CertiK},
title = {CertiK},
howpublished = {\url{https://www.certik.com/resources/blog/what-is-on-chain-monitoring}},
month = {11},
year = {2024},
urldate = {11/13/2024}
}

@online{PeckShie48:online,
author = {PeckShield},
title = {PeckShield Alert},
howpublished = {\url{https://alert.peckshield.com/}},
month = {11},
year = {2024},
urldate = {11/13/2024}
}

@online{SlowMist92:online,
author = {SlowMist},
title = {SlowMist - Focusing on Blockchain Ecosystem Security (Exchange Security Audit | Wallet Security Audit | Blockchain Security Audit | Smart Contract Security Audit | Security Consulting | Defense Deployment | Blockchain Threat Intelligence | Blockchain Security)},
howpublished = {\url{https://www.slowmist.com/}},
month = {11},
year = {2024},
urldate = {11/13/2024}
}

@online{ChainAeg18:online,
author = {ChainAegis},
title = {ChainAegis - The World's Leading AI-driven risk detection and alerting platform},
howpublished = {\url{https://www.chainaegis.com/}},
month = {11},
year = {2024},
urldate = {11/13/2024}
}

@online{Bascule,
author = {Cubist},
title = {Cubist on X --- Bascule Drawbridge},
howpublished = {\url{https://x.com/cubistdev/status/1849093545636036832}},
month = {11},
year = {2024},
urldate = {11/14/2024}
}